<record><leader>00000cas a2200000 a 4500</leader><controlfield tag="001">12442576</controlfield><controlfield tag="008">850830d19101953ksuwr ne      0    0eng d</controlfield><datafield ind1=" " ind2=" " tag="010"><subfield code="a">sn 85031913 </subfield></datafield><datafield ind1=" " ind2=" " tag="040"><subfield code="a">KSH</subfield><subfield code="b">eng</subfield><subfield code="c">KSH</subfield><subfield code="d">NPT</subfield><subfield code="d">OCL</subfield><subfield code="d">OCLCQ</subfield></datafield><datafield ind1=" " ind2=" " tag="042"><subfield code="a">msc</subfield></datafield><datafield ind1="0" ind2=" " tag="130"><subfield code="a">Riley regent (Riley, Kan. : 1910)</subfield></datafield><datafield ind1="1" ind2="4" tag="245"><subfield code="a">The Riley regent.</subfield></datafield><datafield ind1=" " ind2=" " tag="260"><subfield code="a">Riley, Kan. :</subfield><subfield code="b">J.M. Colburn,</subfield><subfield code="c">1910-1953.</subfield></datafield><datafield ind1=" " ind2=" " tag="300"><subfield code="a">43 v. :</subfield><subfield code="b">ill. ;</subfield><subfield code="c">54 cm.</subfield></datafield><datafield ind1=" " ind2=" " tag="310"><subfield code="a">Weekly</subfield></datafield><datafield ind1="0" ind2=" " tag="362"><subfield code="a">Vol. 22, no. 10 (Sept. 2, 1910)-v. 74, no. 8 (Feb. 26, 1953).</subfield></datafield><datafield ind1=" " ind2=" " tag="500"><subfield code="a">Publisher varies.</subfield></datafield><datafield ind1=" " ind2=" " tag="515"><subfield code="a">Volume numbers are irregular: volumes 46-54 not published.</subfield></datafield><datafield ind1=" " ind2=" " tag="752"><subfield code="a">United States</subfield><subfield code="b">Kansas</subfield><subfield code="c">Riley</subfield><subfield code="d">Riley.</subfield></datafield><datafield ind1="0" ind2="0" tag="780"><subfield code="t">Regent</subfield><subfield code="w">(DLC)sn 85031912</subfield></datafield><datafield ind1="0" ind2="7" tag="785"><subfield code="t">Leonardville monitor (Leonardville, Kan. : 1914)</subfield><subfield code="w">(DLC)sn 85031853</subfield></datafield><datafield ind1="0" ind2="7" tag="785"><subfield code="t">Monitor regent</subfield><subfield code="w">(DLC)sn 85031854</subfield></datafield><datafield ind1="1" ind2=" " tag="029"><subfield code="a">AU@</subfield><subfield code="b">000022164805</subfield></datafield></record>